
@online{researcherSimpleIntroductionConvolutional2019,
  title = {Simple {{Introduction}} to {{Convolutional Neural Networks}}},
  author = {Researcher, PhD, Matthew Stewart},
  date = {2019-02-27T11:02:25.885Z},
  journaltitle = {Medium},
  url = {https://towardsdatascience.com/simple-introduction-to-convolutional-neural-networks-cdf8d3077bac},
  urldate = {2020-02-02},
  abstract = {In this article, I will explain the concept of convolution neural networks (CNN’s) using many swan pictures and will make the case of…},
  langid = {english}
}


