@misc{imgaug,
  author = {Jung, Alexander B.
            and Wada, Kentaro
            and Crall, Jon
            and Tanaka, Satoshi
            and Graving, Jake
            and Reinders, Christoph
            and Yadav, Sarthak
            and Banerjee, Joy
            and Vecsei, Gábor
            and Kraft, Adam
            and Rui, Zheng
            and Borovec, Jirka
            and Vallentin, Christian
            and Zhydenko, Semen
            and Pfeiffer, Kilian
            and Cook, Ben
            and Fernández, Ismael
            and De Rainville, François-Michel
            and Weng, Chi-Hung
            and Ayala-Acevedo, Abner
            and Meudec, Raphael
            and Laporte, Matias
            and others},
  title = {{imgaug}},
  howpublished = {\url{https://github.com/aleju/imgaug}},
  year = {2020},
  note = {Online; accessed 01-Feb-2020}
}


@misc{tfobjdet,
  title = {{TensorFlow Object Detection Api}},
  howpublished = {\url{https://github.com/tensorflow/models/tree/master/research/object_detection}}
}
